<?xml version="1.0" encoding="UTF-8"?><collection xmlns="http://www.loc.gov/MARC21/slim"><record><leader>00417nam--2200133-i-4500</leader><controlfield tag="001">000036085</controlfield><controlfield tag="002">20161230</controlfield><controlfield tag="005">20161230201040</controlfield><controlfield tag="008">060222s1000------------r-----000-0-eng-d</controlfield><datafield ind1=" " ind2=" " tag="080"><subfield code="a">902</subfield></datafield><datafield ind1=" " ind2=" " tag="245"><subfield code="a">Old world archaelogy: fundations  and civilization. with introductions by c.lamberg-karlovsky</subfield></datafield><datafield ind1=" " ind2=" " tag="260"><subfield code="a">San Francisco, W.Freeman And Co., 1952-1972, 260p</subfield></datafield><datafield ind1=" " ind2=" " tag="490"><subfield code="a">Readings From Scientific American</subfield></datafield><datafield ind1=" " ind2=" " tag="852"><subfield code="a">47079</subfield></datafield></record></collection>